<record><leader>00000cas a22000007a 4500</leader><controlfield tag="001">19486843</controlfield><controlfield tag="008">890403d18991935nduwr ne      0    0eng d</controlfield><datafield ind1=" " ind2=" " tag="010"><subfield code="a">sn 88076272 </subfield></datafield><datafield ind1=" " ind2=" " tag="040"><subfield code="a">NOP</subfield><subfield code="b">eng</subfield><subfield code="c">NOP</subfield><subfield code="d">OCLCQ</subfield></datafield><datafield ind1=" " ind2=" " tag="042"><subfield code="a">msc</subfield></datafield><datafield ind1="0" ind2=" " tag="130"><subfield code="a">Williston herald (Williston, N.D. : Weekly)</subfield></datafield><datafield ind1="1" ind2="0" tag="245"><subfield code="a">Williston herald.</subfield></datafield><datafield ind1=" " ind2=" " tag="260"><subfield code="a">Williston, N.D. :</subfield><subfield code="b">E.M. Crary</subfield></datafield><datafield ind1=" " ind2=" " tag="300"><subfield code="a">v. :</subfield><subfield code="b">ill.</subfield></datafield><datafield ind1=" " ind2=" " tag="310"><subfield code="a">Weekly</subfield></datafield><datafield ind1=" " ind2=" " tag="321"><subfield code="a">Semiweekly,</subfield><subfield code="b">Nov. 19, 1929-Oct. 16, 1930</subfield></datafield><datafield ind1="0" ind2=" " tag="362"><subfield code="a">Vol. 1, no. 1 (Aug. 17, 1899)-</subfield></datafield><datafield ind1="1" ind2=" " tag="362"><subfield code="a">Ceased Feb. 2, 1935.</subfield></datafield><datafield ind1=" " ind2=" " tag="500"><subfield code="a">"Official paper of Williams County."</subfield></datafield><datafield ind1=" " ind2=" " tag="530"><subfield code="a">Available on microfilm from the State Historical Society of North Dakota.</subfield></datafield><datafield ind1=" " ind2=" " tag="752"><subfield code="a">United States</subfield><subfield code="b">North Dakota</subfield><subfield code="c">Williams</subfield><subfield code="d">Williston.</subfield></datafield><datafield ind1="0" ind2=" " tag="775"><subfield code="t">Williston daily herald (Williston, N.D. : 1930)</subfield><subfield code="w">(DLC)sn 88076273</subfield></datafield><datafield ind1="0" ind2="0" tag="785"><subfield code="t">Williston daily herald (Williston, N.D. : 1930)</subfield><subfield code="w">(DLC)sn 88076273</subfield></datafield></record>